<?xml version="1.0" encoding="UTF-8"?><collection xmlns="http://www.loc.gov/MARC21/slim"><record><leader>00567nam--2200205-i-4500</leader><controlfield tag="001">000013318</controlfield><controlfield tag="002">20161230</controlfield><controlfield tag="005">20170306130823</controlfield><controlfield tag="008">060222s1000------------r-----000-0-eng-d</controlfield><datafield ind1=" " ind2=" " tag="020"><subfield code="a">3540099212</subfield></datafield><datafield ind1=" " ind2=" " tag="040"><subfield code="a">IFIN-HH</subfield></datafield><datafield ind1=" " ind2=" " tag="080"><subfield code="a">538.971</subfield></datafield><datafield ind1="1" ind2=" " tag="100"><subfield code="a">Nakajima, S</subfield></datafield><datafield ind1="1" ind2="0" tag="245"><subfield code="a">The physics of elementary excitations</subfield><subfield code="c">S. Nakajima, Y. Toyozawa, R. Abe</subfield></datafield><datafield ind1=" " ind2=" " tag="260"><subfield code="a">Berlin</subfield><subfield code="b">Springer-Verlag</subfield><subfield code="c">1980</subfield></datafield><datafield ind1=" " ind2=" " tag="300"><subfield code="a">XI + 332P</subfield></datafield><datafield ind1=" " ind2=" " tag="490"><subfield code="a">Springer Series in Solid State Sciences</subfield><subfield code="v">Vol. 12</subfield></datafield><datafield ind1="1" ind2=" " tag="700"><subfield code="a">Abe, R</subfield></datafield><datafield ind1=" " ind2=" " tag="852"><subfield code="a">46526</subfield><subfield code="c">539.2</subfield></datafield><datafield ind1=" " ind2=" " tag="CAT"><subfield code="a">SYS</subfield><subfield code="c">20170306</subfield><subfield code="h">130823</subfield></datafield></record></collection>